<?xml version="1.0" encoding="UTF-8"?><collection xmlns="http://www.loc.gov/MARC21/slim"><record><leader>00536nam--2200181-i-4500</leader><controlfield tag="001">000033837</controlfield><controlfield tag="002">20161230</controlfield><controlfield tag="005">20161230201039</controlfield><controlfield tag="008">060222s1000------------r-----000-0-rum-d</controlfield><datafield ind1=" " ind2=" " tag="041"><subfield code="a">rum</subfield></datafield><datafield ind1=" " ind2=" " tag="080"><subfield code="a">547(075)</subfield></datafield><datafield ind1="1" ind2=" " tag="100"><subfield code="a">Nenitescu, D.Costin</subfield></datafield><datafield ind1="1" ind2="0" tag="245"><subfield code="a">Chimie organica</subfield><subfield code="b">Vol.ii editite revazuta de: ecaterina cioranescu, mihai elian</subfield><subfield code="c">Costin d. nenitescu</subfield></datafield><datafield ind1=" " ind2=" " tag="250"><subfield code="a">Editia A Vii-a</subfield></datafield><datafield ind1=" " ind2=" " tag="260"><subfield code="a">Bucuresti</subfield><subfield code="b">Editura Didactica Si Pedagogica</subfield><subfield code="c">1974</subfield></datafield><datafield ind1=" " ind2=" " tag="300"><subfield code="a">XXXII + 932P</subfield></datafield><datafield ind1=" " ind2=" " tag="852"><subfield code="a">42609</subfield><subfield code="c">547</subfield></datafield><datafield ind1=" " ind2=" " tag="CAT"><subfield code="a">Sys</subfield><subfield code="c">20140207</subfield><subfield code="h">141251</subfield></datafield></record></collection>